% run command bibtex!


Autoren:
Göran Andersson
Konstantinos Boulouchos*)
Lucas Bretschger

@techreport{eth_energiezukunft_schweiz,
author = {Göran, Andersson and
          Konstantinos, Boulouchos and
          Lucas, Bretschger},
title = {Energiezukunft Schweiz},
year = 2011,
month = nov,
volume = {-1},
institution = {ETH Zürich},
howpublished = {http://www.cces.ethz.ch/energiegespraech/Energiezukunft_Schweiz_20111115.pdf}
}

@misc{swico_datenblatt,
author = {Swico},
title = {Datenblatt Schweiz},
year = 2014,
volume = {-1},
institution = {Swico},
howpublished = {http://www.swico.ch/downloads/dokumente/datenblatt-schweizpdf.pdf/1554}
}


@article{small,
author = {Freely, I.P.},
title = {A small paper},
journal = {The journal of small papers},
year = 1997,
volume = {-1},
note = {to appear},
}


@article{test,
author = {Freely, I.P.},
title = {A small paper},
journal = {The journal of small papers},
year = 1997,
volume = {-1},
note = {to appear},
}


@article{sam,
author = {Freely, I.P.},
title = {A small paper},
journal = {The journal of small papers},
year = 1997,
volume = {-1},
note = {to appear},
}


