% Encoding: UTF-8

@Misc{uvek_energie_schweiz,
  author       = {Eidgenössisches Departement für Umwelt, Verkehr, Energie und Kommunikation UVEK},
  title        = {Konzept EnergieSchweiz 2013-2020 als Intergraler Bestandteil des ersten Massnahmenpakets zur Energiestrategie 2050},
  howpublished = {http://www.bfe.admin.ch/php/modules/publikationen/ stream.php?extlang=de\&name=de\_588901608.pdf},
  month        = aug,
  year         = {2014},
  institution  = {Bundesamt},
  volume       = {-1},
}



@techreport{eth_energiezukunft_schweiz,
author = {Göran, Andersson and
          Konstantinos, Boulouchos and
          Lucas, Bretschger},
title = {Energiezukunft Schweiz},
year = 2011,
month = nov,
volume = {-1},
institution = {ETH Zürich},
note = {S.18 und S.43},
howpublished = {http://www.cces.ethz.ch/energiegespraech/Energiezukunft\_Schweiz_20111115.pdf}
}


@misc{swico_datenblatt,
author = {Swico},
title = {Datenblatt Schweiz},
year = 2014,
volume = {-1},
institution = {Swico},
howpublished = {http://www.swico.ch/downloads/dokumente/datenblatt-schweizpdf.pdf/1554}
}

@techreport{intel_epi,
author = {Murali, Annavaram and
          Ed, Grochowski},
title = {Energy per Instructions Trends in Intel Microprocessor},
year = 2005,
volume = {-1},
institution = {Intel},
howpublished = {http://www.intel.com/pressroom/kits/core2duo/pdf/epi-trends-final2.pdf}
}


@misc{stanford_risc_cisc,
author = {Crystal, Chen and
          Greg, Novick and
          Kirk Shimano},
title = {RISC Architektur},
year = 2000,
volume = {-1},
institution = {Stanford University},
note = {Abgerufen am 14.2.2016},
howpublished = {http://cs.stanford.edu/people/eroberts/courses/soco/projects/risc/index.html}
}


@misc{bfe_energiestrategie_2050,
note = {Zweiter Abschnitt Abgerufen am 15.03.2016},
author = {{Bundesamt für Energie}},
title = {Energiestrategie 2050},
year = {2016},
month = {März},
volume = {-1},
institution = {Bundesamt für Energie BFE},
howpublished = {http://www.bfe.admin.ch/themen/00526 /00527/index.html?lang=de}
}



@incollection{measuring_power_temperature,
author={Mesa-Martinez, F.J. and Brown, M. and Nayfach-Battilana, J. and Renau, J.},
booktitle={Parallel and Distributed Processing, 2008. IPDPS 2008. IEEE International Symposium on},
title={Measuring power and temperature from real processors},
year={2008},
pages={1-5},
keywords={infrared imaging;microprocessor chips;power aware computing;power measurement;temperature measurement;infrared cameras;infrared measurement;power measurement;power processor activity models;run-time power consumption;temperature measurement;thermal behavior;Cameras;Counting circuits;Energy consumption;Power engineering and energy;Power engineering computing;Power measurement;Power system modeling;Semiconductor device measurement;Statistics;Temperature measurement},
doi={10.1109/IPDPS.2008.4536423},
ISSN={1530-2075},
month={April},
}

@incollection{analysis_circuits,
author={Borovyi, A. and Kochan, V. and Sachenko, A. and Konstantakos, V. and Yaskilka, V.},
booktitle={Intelligent Data Acquisition and Advanced Computing Systems: Technology and Applications, 2007. IDAACS 2007. 4th IEEE Workshop on},
title={Analysis of Circuits for Measurement of Energy of Processing Units},
year={2007},
pages={42-46},
keywords={computer power supplies;energy measurement;power aware computing;CPU;central processing units;energy measurement;instruction execution;power consumption measurement;Battery charge measurement;CMOS technology;Central Processing Unit;Circuit analysis;Digital systems;Energy consumption;Energy measurement;Power measurement;Power supplies;Radio link;CPU instructions' power consumption;Errors in power consumption measurement;Measurement of CPU power},
doi={10.1109/IDAACS.2007.4488369},
month={Sept},
}

@Manual{arm_datasheet,
  title        = {ARM1176JZF-S},
  author       = {ARM\copyright},
  organization = {ARM Holdings},
  edition      = {r0p7},
  year         = {2009},
  note         = {http://infocenter.arm.com/help/topic/com.arm.doc.ddi0301h/ddi0301h \_arm1176jzfs\_r0p7\_trm.pdf},
  howpublished = {http://infocenter.arm.com/help/topic/com.arm.doc.ddi0301h/ddi0301h\_arm1176jzfs\_r0p7\_trm.pdf},
}

@manual{broadcom_datasheet,
author = {{Broadcom Corporation}},
title = {BCM2835 ARM Peripherals},
howpublished = {https://www.raspberrypi.org/documentation/hardware/raspberrypi/bcm2835/BCM2835-ARM-Peripherals.pdf},
year = {2012},
}

@Manual{intel_datasheet,
  title        = {Intel® Quark™ SoC X1000},
  author       = {Intel\copyright},
  organization = {Intel Corporation},
  month        = {August},
  year         = {2015},
  note         = {http://www.intel.com/content/www/us/en/embedded/products/quark/quark-x1000-datasheet.html},
}

@Manual{intel_datasheet_full,
  title        = {Intel® Quark™ SoC X1000},
  author       = {Intel\copyright},
  organization = {Intel Corporation},
  month        = {August},
  year         = {2015},
  note         = {http://www.mouser.com/ds/2/612/quark-x1000-datasheet-557894.pdf},
}

@Manual{intel_datasheet_galileo,
  title        = {Board User Guide},
  author       = {Intel\copyright},
  organization = {Intel Corporation},
  month        = {März},
  year         = {2014},
  note         = {http://www.intel.com/content/dam/support/us/en/documents/galileo/sb/ galileo\_boarduserguide\_330237\_001.pdf},
}


@manual{intel_boot_process,
author = {Intel Press},
title = {The Flow of Booting an Intel Architecture System },
howpublished = {http://www.edn.com/Pdf/ViewPdf?contentItemId=4230440},
year = {2011},
organization = {Intel Corporation}
}

@misc{bfe_energiestrategie,
author = {{Bundesamt für Energie}},
title = {Energiestrategie 2050},
year = {2016},
month = {März},
volume = {-1},
institution = {Bundesamt für Energie BFE},
note = {Abgerufen am 2.4.2016},
howpublished = {http://www.bfe.admin.ch/themen/00526 /00527/index.html?lang=de}
}




@misc{intel_galileo_image,
author = {{Intel}},
title = {Bild: Intel Galileo Gen 2},
note = {Abgerufen am 4.4.2016},
howpublished = {https://software.intel.com/sites/default/ files/managed/86/1e/iot\_galileo.png}
}



@misc{raspberry_image,
author = {{SparkFun Electronics}},
title = {Bild: Raspberry Pi 1 A},
note = {Abgerufen am 4.4.2016},
howpublished = {http://www.flickr.com/photos/sparkfun/8747111043/}
}

@Misc{raspberry_foundation,
  author = {{RASPBERRY PI FOUNDATION}},
  note   = {https://www.raspberrypi.org/documentation/hardware/ Abgerufen am 4.4.2016},
}



@Inbook{Mandl2010,
author="Mandl, Peter",
chapter="Betriebssystemarchitekturen und Betriebsarten",
title="Grundkurs Betriebssysteme: Architekturen, Betriebsmittelverwaltung, Synchronisation, Prozesskommunikation",
year="2010",
publisher="Vieweg+Teubner",
address="Wiesbaden",
pages="23--41",
isbn="978-3-8348-9384-0",
doi="10.1007/978-3-8348-9384-0_2",
url="http://dx.doi.org/10.1007/978-3-8348-9384-0_2"
}



@Inbook{Mandl2010_3,
author="Mandl, Peter",
chapter="Interruptverarbeitung",
title="Grundkurs Betriebssysteme: Architekturen, Betriebsmittelverwaltung, Synchronisation, Prozesskommunikation",
year="2010",
publisher="Vieweg+Teubner",
address="Wiesbaden",
pages="43--64",
isbn="978-3-8348-9384-0",
doi="10.1007/978-3-8348-9384-0_3",
url="http://dx.doi.org/10.1007/978-3-8348-9384-0_3"
}


@book{mauerer2010professional,
  title={Professional Linux Kernel Architecture},
  author={Mauerer, W.},
  isbn={9781118079911},
  url={https://books.google.ch/books?id=-6zvRFEfQ24C},
  year={2010},
  publisher={Wiley}
}


@Inbook{Hoffmann2014l,
author={Hoffmann, Dirk W.},
chapter={Mikroprozessortechnik},
year={2014},
month={Sep},
day={01},
publisher={Carl Hanser Verlag GmbH \& Co. KG},
pages={351-376},
note={0},
isbn={978-3-446-44251-1},
doi={10.3139/9783446442481.011},
url={http://dx.doi.org/10.3139/9783446442481.011}
}


@book{patterson2013computer,
  title={Computer Organization and Design: The Hardware/Software Interface},
  author={Patterson, D.A. and Hennessy, J.L.},
  isbn={9780124078864},
  series={The Morgan Kaufmann Series in Computer Architecture and Design},
  url={https://books.google.ch/books?id=EVhgAAAAQBAJ},
  year={2013},
  publisher={Elsevier Science},
  pages={549-560},
  chapter={The Processor}
}


@book{ehses2011systemprogrammierung_chap2,
  title={Systemprogrammierung in UNIX / Linux: Grundlegende Betriebssystemkonzepte und praxisorientierte Anwendungen},
  author={Ehses, E. and K{\"o}hler, L. and Riemer, P. and Stenzel, H. and Victor, F.},
  isbn={9783834882776},
  url={https://books.google.ch/books?id=OsEhBAAAQBAJ},
  year={2011},
  publisher={Vieweg+Teubner Verlag},
  pages={11-21},
  chapter={Das Betriebssystem UNIX}

}


@inproceedings{Patterson:1981:RIR:800052.801895,
 author = {Patterson, David A. and Sequin, Carlo H.},
 title = {RISC I: A Reduced Instruction Set VLSI Computer},
 booktitle = {Proceedings of the 8th Annual Symposium on Computer Architecture},
 series = {ISCA '81},
 year = {1981},
 location = {Minneapolis, Minnesota, USA},
 pages = {443--457},
 numpages = {15},
 url = {http://dl.acm.org/citation.cfm?id=800052.801895},
 acmid = {801895},
 publisher = {IEEE Computer Society Press},
 address = {Los Alamitos, CA, USA},
} 


@Inbook{Hoffmann2014_risc_cisc,
author={Hoffmann, Dirk W.},
chapter={Rechnerstrukturen},
year={2014},
month={Sep},
day={01},
publisher={Carl Hanser Verlag GmbH \& Co. KG},
pages={380-387},
note={0},
isbn={978-3-446-44251-1},
doi={10.3139/9783446442481.012},
url={http://dx.doi.org/10.3139/9783446442481.012}
}

@InBook{Bernstein2015,
  Title                    = {Hard- und Software f{\"u}r die Entwicklungsumgebung},
  Author                   = {Bernstein, Herbert},
  Pages                    = {83--119},
  Publisher                = {Springer Fachmedien Wiesbaden},
  Year                     = {2015},

  Address                  = {Wiesbaden},

  Booktitle                = {Mikrocontroller: Grundlagen der Hard- und Software der Mikrocontroller ATtiny2313, ATtiny26 und ATmega32},
  Doi                      = {10.1007/978-3-658-02813-8_2},
  ISBN                     = {978-3-658-02813-8},
  Url                      = {http://dx.doi.org/10.1007/978-3-658-02813-8_2}
}


@Inbook{Goll2014,
author="Goll, Joachim
and Dausmann, Manfred",
title="Einf{\"u}hrung in die Programmiersprache C",
bookTitle="C als erste Programmiersprache: Mit den Konzepten von C11",
year="2014",
publisher="Springer Fachmedien Wiesbaden",
address="Wiesbaden",
pages="1--18",
isbn="978-3-8348-2271-0",
doi="10.1007/978-3-8348-2271-0_1",
url="http://dx.doi.org/10.1007/978-3-8348-2271-0_1"
}

@Comment{jabref-meta: databaseType:bibtex;}
